<?xml version="1.0" encoding="UTF-8"?><collection xmlns="http://www.loc.gov/MARC21/slim"><record><leader>00398nam--2200133-i-4500</leader><controlfield tag="001">000019926</controlfield><controlfield tag="002">20161230</controlfield><controlfield tag="005">20161230201033</controlfield><controlfield tag="008">060222s1000------------r-----000-0-eng-d</controlfield><datafield ind1=" " ind2=" " tag="080"><subfield code="a">620.91:621.039:621.311.2(035.5)</subfield></datafield><datafield ind1=" " ind2=" " tag="245"><subfield code="a">Energy technology handbook.prepared by 12 specialists</subfield></datafield><datafield ind1=" " ind2=" " tag="260"><subfield code="a">New York,Mcgraw-hill Book Company, 1977. Xxvii +/Dif.P.</subfield></datafield><datafield ind1=" " ind2=" " tag="700"><subfield code="a">Considine, Douglas.M</subfield></datafield><datafield ind1=" " ind2=" " tag="852"><subfield code="a">48752</subfield></datafield></record></collection>